<record xmlns="http://www.loc.gov/MARC21/slim" xmlns:xsi="http://www.w3.org/2001/XMLSchema-instance" xsi:schemaLocation="http://www.loc.gov/MARC21/slim http://www.loc.gov/standards/marcxml/schema/MARC21slim.xsd"><leader>00037nz   2200037n  4500</leader><controlfield tag="001">DNB|102403945</controlfield><controlfield tag="003">DNB</controlfield><controlfield tag="005">19960808164501.0</controlfield><controlfield tag="008">930416|||az|nnaa|||||||||||| a|aaa|||| d</controlfield><datafield ind1="7" ind2=" " tag="016"><subfield code="a">102403945</subfield><subfield code="2">GyFmDB</subfield></datafield><datafield ind1=" " ind2=" " tag="040"><subfield code="a">0000</subfield><subfield code="b">ger</subfield><subfield code="d">9999</subfield><subfield code="f">RAK-PND</subfield></datafield><datafield ind1="1" ind2=" " tag="045"><subfield code="b">d5./4. Jh. v. Chr.</subfield></datafield><datafield ind1="0" ind2=" " tag="100"><subfield code="a">Polyidus,</subfield><subfield code="c">Selymbrianus</subfield><subfield code="d">5./4. Jh. v. Chr.</subfield></datafield><datafield ind1="0" ind2=" " tag="400"><subfield code="a">Polyeidos,</subfield><subfield code="c">von Selymbria</subfield><subfield code="d">5./4. Jh. v. Chr.</subfield></datafield><datafield ind1="0" ind2=" " tag="400"><subfield code="a">Polyidus,</subfield><subfield code="c">Tragicus</subfield><subfield code="d">5./4. Jh. v. Chr.</subfield></datafield><datafield ind1="0" ind2=" " tag="400"><subfield code="a">Polyidus,</subfield><subfield code="c">Lyricus</subfield><subfield code="d">5./4. Jh. v. Chr.</subfield></datafield><datafield ind1="0" ind2=" " tag="400"><subfield code="a">Polyidos,</subfield><subfield code="c">von Selymbria</subfield><subfield code="d">5./4. Jh. v. Chr.</subfield></datafield><datafield ind1="0" ind2=" " tag="400"><subfield code="a">Polyidos,</subfield><subfield code="c">Dithyrambiker</subfield><subfield code="d">5./4. Jh. v. Chr.</subfield></datafield><datafield ind1="0" ind2=" " tag="400"><subfield code="a">Poliido,</subfield><subfield code="c">di Selimbria</subfield><subfield code="d">5./4. Jh. v. Chr.</subfield></datafield></record>